@inproceedings{Zhou15,
author = {Zhou, Yichao and Zeng, Jianyang},
title = {Massively Parallel A* Search on a GPU},
year = {2015},
isbn = {0262511290},
publisher = {AAAI Press},
booktitle = {Proceedings of the Twenty-Ninth AAAI Conference on Artificial Intelligence},
pages = {1248â€“1254},
numpages = {7}
}